

@book{comrie1985,
  title={Tense},
  author={Comrie, Bernard},
  year={1985},
  note={Reprinted in 2000},
  publisher={Cambridge: Cambridge university press}
}

@incollection{tatevosov2007,
  title={Эвиденциальность и адмиратив в багвалинском языке},
  author={Татевосов, С.Г.},
  hyphenation = {russian},
  booktitle={Эвиденциальность в языках Европы и Азии: сборник статей памяти Натальи Андреевны Козинцевой},
  editor={Храковский, В.С.},
  publisher={Санкт-Петербург: Наука},
  hyphenation = {russian},
  year={2007},
  pages={351--397},
}


  @Manual{rstudio,
    title = {RStudio: Integrated Development Environment for R},
    author = {{RStudio Team}},
    organization = {RStudio, Inc.},
    address = {Boston, MA},
    year = {2018},
    url = {http://www.rstudio.com/},
  }


@article{tatevosov2001,
  title={From resultatives to evidentials: Multiple uses of the perfect in Nakh-Daghestanian languages},
  author={Tatevosov, Sergei},
  journal={Journal of Pragmatics},
  volume={33},
  number={3},
  pages={443--464},
  year={2001},
  publisher={Elsevier}
}

@incollection{wals-78,
  address   = {Leipzig},
  author    = {Ferdinand de Haan},
  booktitle = {The World Atlas of Language Structures Online},
  editor    = {Matthew S. Dryer and Martin Haspelmath},
  publisher = {Max Planck Institute for Evolutionary Anthropology},
  title     = {Coding of Evidentiality},
  url       = {https://wals.info/chapter/78},
  year      = {2013}
}

@book{chafenichols1986,
  title={Evidentiality: The linguistic coding of epistemology},
  author={Chafe, Wallace L and Nichols, Johanna},
  year={1986},
  publisher={Norwood, NJ: Ablex},
}

@article{usenkova2015,
  title={Evidentiality in the Samoyedic languages: A study of the auditive forms},
  author={Usenkova, Eleonora},
  journal={Acta Linguistica Hungarica},
  volume={62},
  number={2},
  pages={171--217},
  year={2015},
  publisher={Akad{\'e}miai Kiad{\'o}}
}

@incollection{plungian2010,
  title={Types of verbal evidentiality marking: an overview},
  author={Plungian, Vladimir A},
  editor={Diewald, Gabriele and Smirnova, Elena},
  hyphenation={english},
  booktitle={Linguistic realization of evidentiality in European languages},
  pages={15--58},
  year={2010},
  publisher={Berlin/New York: De Gruyter Mouton}
}

@book{diewaldsmirnova2010,
  author={Diewald, Gabriele and Smirnova, Elena},
  title={Linguistic realization of evidentiality in European languages},
  year={2010},
  publisher={Berlin/New York: De Gruyter Mouton}
}

@incollection{johanson2018,
  title={Turkic indirectivity},
  author={Johanson, Lars},
  booktitle={The Oxford Handbook of Evidentiality},
  editor={Aikhenvald, Alexandra Y.},
  hyphenation={english},
  publisher={Oxford: Oxford University Press},
  year={2018},
  pages={510--524},
}

@article{lazard1956,
  title={Caractères distinctifs de la langue tadjik},
  author={Lazard, Gilbert},
  journal={Bulletin de la Société de linguistique de Paris},
  volume={51},
  number={1},
  pages={117--186},
  year={1956}
}

@book{boye2012,
  title={Epistemic meaning: A crosslinguistic and functional-cognitive study},
  author={Boye, Kasper},
  year={2012},
  publisher={Berlin/Boston: Walter de Gruyter}
}

@article{delancey1997,
  title={Mirativity: The grammatical marking of unexpected information},
  author={DeLancey, Scott},
  journal={Linguistic Typology},
  volume={1},
  number={1},
  year={1997},
  pages={33--52},
  publisher={Berlin/New York: Mouton de Gruyter}
}

@incollection{friedman2000,
  title={Confirmative/nonconfirmative in Balkan Slavic, Balkan Romance, and Albanian with additional observations on Turkish, Romani, Georgian, and Lak},
  author={Friedman, Victor A.},
  editor={Johanson, Lars and Utas, Bo},
  hyphenation={english},
  booktitle={Evidentials. Turkic, Iranian and Neighbouring Languages},
  pages={329--367},
  year={2000},
  publisher={Berlin/New York: Mouton de Gruyter}
}

@book{ramirez1997,
  title={A Fala Tukano dos Ye'pâ-masa. Tomo 1. Gramática},
  author={Ramirez, Henri},
  year={1997},
  publisher={Manaus: Inspetoria Salesiana Missionária da Amazônia CEDEM}}

@incollection{boas1911,
  title={Kwakiutl},
  author={Boas, Franz},
  booktitle={Handbook of American Indian Languages 1},
  editor={Boas, Franz},
  hyphenation={english},
  publisher={New York: Columbia University Press},
  pages={423-558},
  Year={1911}}

@article{auweraplungian1998,
  title={Modality’s semantic map},
  author={Van der Auwera, Johan and Plungian, Vladimir A},
  year={1998},
  journal={Linguistic Typology},
  volume={2},
  nr={1},
  pages={79--124}
}

@unpublished{paperno2006,
  title={On the uses of so-called evidential form in Archi},
  author={Paperno, Denis},
  year={2006},
  note={unpublished},
  url={http://www.digitorient.com/wp/wp-content/uploads/2006/08/Paperno122006.pdf}
}

@incollection{friedman1986,
  title={Evidentiality in the Balkans: Bulgarian, Macedonian, and Albanian},
  author={Friedman, Victor A.},
  editor={Chafe, Wallace and Nichols, Johanna},
  hyphenation={english},
  booktitle={Evidentiality: the linguistic encoding of epistemology},
  pages={168--187},
  year={1986},
  publisher={New Jersey: Ablex}
}

@incollection{bernardez2017,
  title={Evidentiality. A Cultural Interpretation},
  author={Bern{\'a}rdez, Enrique},
  booktitle={Advances in Cultural Linguistics},
  editor={Sharifian, Farzad},
  hyphenation={english},
  pages={433--459},
  year={2017},
  publisher={Dordrecht: Springer}
}

@article{cornillie2009,
  title={Evidentiality and epistemic modality: On the close relationship between two different categories},
  author={Cornillie, Bert},
  journal={Functions of language},
  volume={16},
  number={1},
  pages={44--62},
  year={2009},
  publisher={Amsterdam/Philadelphia: John Benjamins}
}

@article{shinzato1991,
  title={Where do temporality, evidentiality and epistemicity meet? A comparison of Old Japanese -ki and -keri with Turkish -di and-miş},
  author={Shinzato, Rumiko},
  journal={GENGO KENKYU Journal of the Linguistic Society of Japan},
  volume={1991},
  number={99},
  pages={25--57},
  year={1991},
  publisher={The Linguistic Society of Japan}
}


@incollection{forker2018evidavar,
  title={The semantics of evidentiality and epistemic modality in Avar},
  author={Forker, Diana},
  editor={Forker, Diana and Maisak, Timur},
  hyphenation={english},
  booktitle={The semantics of verbal categories in Nakh-Daghestanian languages},
  pages={188--214},
  year={2018},
  publisher={Leiden: Brill}
}

@incollection{gusev2007,
  title={Эвиденциальность в нганасанском языке},
  author={Гусев, В.Ю.},
  booktitle={Эвиденциальность в языках Европы и Азии: сборник статьей памяти Натальи Андреевны Козинцевой},
  editor={Храковский, В.С.},
  publisher={Санкт-Петербург: Наука},
  year={2007},
  pages={415--444},
  hyphenation={russian}
}

@incollection{kroskrity1998,
  title={Discursive convergence with a Tewa evidential},
  author={Kroskrity, P.V.},
  editor={Hill, J.H. and Mistry, P.J. and Campbell, L.},
  hyphenation={english},
  booktitle={The life of language. Papers in linguistics in honor of William Bright},
  pages={25--34},
  year={1998},
  publisher={Berlin: Mouton de Gruyter}
}

@article{silvaanderbois2016,
  title={Fieldwork game play: Masterminding evidentiality in Desano},
  author={Silva, Wilson and AnderBois, Scott},
  journal={Language Documentation and Conservation},
  year={2016},
  volume={10},
  number={1},
  Pages={58–-76}}
  
@article{sanroqueetal2012,
  title={Getting the story straight: Language fieldwork using a narrative problem-solving task},
  author={San Roque, Lila and Gawne, Lauren and Hoenigman, Darja and Miller, Julia Colleen and Rumsey, Alan and Spronck, Stef and Carroll, Alice and Evans, Nicholas},
  journal={Language Documentation and Conservation},
  volume={6},
  number={1},
  year={2012},
  pages={135--174},
  publisher={University of Hawaii Press}
}

@article{nuckollsmichael2014,
  title={Introduction. Evidentials and evidential strategies in interactional and socio-cultural context},
  author={Nuckolls, Janis and Michael, Lev},
  journal={Pragmatics and Society},
  volume={3},
  number={2},
  pages={181--188},
  Year={2014}
}

@incollection{kibrik2003,
  title={Nominal inflection galore: Daghestanian, with side glances at Europe and the world},
  author={Kibrik, Aleksandr},
  booktitle={Noun phrase structure in the languages of Europe},
  editor={Plank, Frans},
  hyphenation={english},
  pages={37--112},
  year={2003},
  publisher={Berlin: Mouton de Gruyter}
}

@book{adzhievetal1991,
  title={Традиционный фольклор народов Дагестана},
  author={Аджиев, А.М. and Абакарова, Ф.О. and Халилов, Х.М.},
  year={1991},
  publisher={Москва: Наука},
  hyphenation={russian}
  }

%check pages
@incollection{adzhiev1991intro,
  author={Аджиев, А.М.},
  title={Введение},
  booktitle={Традиционный фольклор народов Дагестана},
  editor={Аджиев, А.М. and Абакарова, Ф.О. and Халилов, Х.М.},
  year={1991},
  publisher={Москва: Наука},
  hyphenation={russian},
  pages={1--18}
  }

%check title and pages
@incollection{adzhiev1991epos,
  author={Аджиев, А.М.},
  title={Про эпосы}, 
  booktitle={Традиционный фольклор народов Дагестана},
  editor={Аджиев, А.М. and Абакарова, Ф.О. and Халилов, Х.М.},
  year={1991},
  publisher={Москва: Наука},
  hyphenation={russian},
  pages={19--30}
  } 
  
@book{sumbatova2013,
  author={Сумбатова, Н.Р.},
  title={Проблема частей речи в даргинском языке},
  year={2013},
  hyphenation={russian},
  publisher={Москва: Тезаурус}
  }

@incollection{chumakina2009,
  title={Loanwords in Archi, a Nakh-Daghestanian of the North Caucasus},
  author={Chumakina, Marina},
  booktitle={Loanwords in the world's languages. A comparative handbook},
  editor={Haspelmath, Martin and Tadmor, Uri},
  hyphenation={english},
  pages={430--446},
  year={2009},
  publisher={Berlin: De Gruyter Mouton}}

@incollection{comriekhalilov2009,
  title={Loanwords in Bezhta, a Nakh-Daghestanian of the North Caucasus},
  author={Comrie, Bernard and Khalilov, Madzhid},
  booktitle={Loanwords in the world's languages. A comparative handbook},
  editor={Haspelmath, Martin and Tadmor, Uri},
  hyphenation={english},
  pages={414--429},
  year={2009},
  publisher={Berlin: De Gruyter Mouton}}
  
@book{tsakhurgram,
  title={Элементы цахурского языка в типологическом освещении},
  author={Кибрик, А.Е. and Тестелец, Я.Г.},
  year={1999},
  hyphenation={russian},
  publisher={Москва: Наследие}}
  
 @book{bagvalalgram,
  title={Багвалинский язык. Грамматика, тексты, словари},
  author={Кибрик, А.Е. and Лютикова, Е.А. and Татевосов, С.Г.},
  year={2001},
  hyphenation={russian},
  publisher={Москва: Наследие}}

@book{kampreyle1993,
  title={From Discourse to Logic},
  author={Kamp, Hans and Reyle, Uwe},
  year={1993},
  publisher={Dordrecht: Kluwer}
}

@inproceedings{molochievanichols2011,
  title={The diachronic trajectory of ethical datives: Chechen and Ingush},
  author={Molochieva, Zarina and Nichols, Johanna},
  booktitle={Workshop on Ethical Datives, Societas Linguistica Europaea, Logro{\~n}o},
  year={2011}
}

@article{curnow2002,
  title={Types of interaction between evidentials and first-person subjects},
  author={Curnow, Timothy Jowan},
  journal={Anthropological Linguistics},
  pages={178--196},
  volume={44},
  number={2},
  year={2002}
}

@book{gudava1962,
  title={Botlixuri ena [The Botlikh language]},
  author={Gudava, Togo, E.},
  year={1962},
  publisher={Tbilisi: Mecniereba}}

@incollection{atrtsakhur,
  title={Атрибутивизация},
  author={Калинина, Е.Ю. and Толдова, С.Ю.},
  booktitle={Элементы цахурского языка в типологическом освещении},
  editor={Кибрик, А.Е.},
  publisher={Москва: Наука},
  year={1999},
  hyphenation={russian},
  pages={377--419}
}

@incollection{tatevosovmaisak1999,
  title={Периферийные глагольные формы},
  author={Татевосов, С.Г. and Майсак, Т.А.},
  booktitle={Элементы цахурского языка в типологическом освещении},
  editor={Кибрик, А.Е.},
  publisher={Москва: Наука},
  year={1999},
  hyphenation={russian},
  pages={269--277}
}

@incollection{tatevosovmaisak1999admir,
  title={Средства выражения адмиративной семантики},
  author={Татевосов, С.Г. and Майсак, Т.А.},
  booktitle={Элементы цахурского языка в типологическом освещении},
  editor={Кибрик, А.Е.},
  publisher={Москва: Наука},
  year={1999},
  hyphenation={russian},
  pages={289--291}
}

@incollection{chirikba2008,
  title={The problem of the Caucasian Sprachbund},
  author={Chirikba, Viacheslav},
  booktitle={From linguistic areas to areal linguistics},
  editor={Muysken, Pieter},
  hyphenation={english},
  volume={90},
  pages={25--94},
  year={2008},
  publisher={John Benjamins Publishing Amsterdam}
}

@incollection{sumbatova2010,
  title={Классное согласование и синтаксические свойства связок в даргинском языке},
  author={Сумбатова, Н.Р.},
  booktitle={Acta Linguistica Petropolitana VI. 3},
  editor={Герасимов, Д.В. and Заика, Н.Р. and Крылова, В.А. and Кузнецова, О.В. and Оскольская, С.А. and Сай, С.С. and Холодилова, М.А.},
  pages={212--236},
  year={2010},
  hyphenation={russian},
  publisher={Санкт-Петербург: Наука}}

@article{dobrushina2012,
  title={What is the jussive for? A study of third person commands in six Caucasian Languages},
  author={Dobrushina, Nina},
  journal={Linguistics},
  year={2012},
  volume={50},
  number={1},
  pages={1--25}}
  
@incollection{belyaevforker2016,
  title={Word order and focus particles in Nakh-Daghestanian languages},
  author={Belyaev, Oleg and Forker, Diana},
  booktitle={Information structuring of spoken languages from a cross-linguistic perspective},
  editor={Fernandez-Vest, M.M. Jocelyne and Van Valin, Robert D.},
  hyphenation={english},
  pages={239--262},
  year={2016},
  publisher={Berlin: Walter de Gruyter}
}
  
@incollection{kazenintestelets2004,
  title={Where coordination meets subordination: Converb constructions in Tsakhur (Daghestanian)},
  author={Kazenin, Konstantin I and Testelets, Yakov G},
  booktitle={Coordinating constructions},
  editor={Haspelmath, Martin},
  hyphenation={english},
  pages={227--240},
  year={2004},
  publisher={Amsterdam/Philadelphia: John Benjamins}
}

@incollection{nedjalkov1995,
  title={Some typological parameters of converbs},
  author={Nedjalkov, Vladimir P.},
  booktitle={Converbs in cross-linguistic perspective},
  editor={Haspelmath, Martin and K{\"o}nig, Ekkehard},
  hyphenation={english},
  pages={97--136},
  year={1995},
  publisher={Berlin/New York: Mouton de Gruyter}}
  
@incollection{kalininasumbatova2007,
  title={Clause structure and verbal forms in Nakh-Daghestanian languages},
  author={Kalinina, Elena and Sumbatova, Nina},
  booktitle={Finiteness: theoretical and empirical foundations},
  editor={Nikolaeva, Irina},
  hyphenation={english},
  pages={183--249},
  year={2007},
  publisher={Oxford: Oxford University Press}
}

@inproceedings{nicholspeterson2010,
  title={Contact-induced spread of the rare Type 5 clitic},
  author={Nichols, Johanna and Peterson, David A.},
  booktitle={LSA Annual Meeting Extended Abstracts},
  volume={1},
  pages={1--4},
  year={2010}
}

@article{forker2012,
  title={The bi-absolutive construction in Nakh-Daghestanian},
  author={Forker, Diana},
  journal={Folia Linguistica},
  volume={46},
  number={1},
  pages={75--108},
  year={2012}
}

@incollection{nuckolls2018,
  title={The interactional and cultural pragmatics of evidentiality},
  author={Nuckolls, Janis B.},
  editor={Aikhenvald, Alexandra Y.},
  hyphenation={english},
  booktitle={The Oxford Handbook of Evidentiality},
  pages={202--221},
  year={2018},
  publisher={Oxford: Oxford University Press}
}

@incollection{maisaktatevosov2007,
  title={Beyond evidentiality and mirativity. Evidence from Tsakhur},
  author={Maisak, Timur and Tatevosov, Sergei},
  editor={Guentchéva, Zlatka and Landabaru, John},
  hyphenation={english},
  booktitle={L'Énonciation médiatisée II},
  pages={377--406},
  year={2007},
  publisher={Louvain/Paris/Dudley MA: Peeters}
}

@incollection{molochievanichols2018,
  title={Tense, aspect mood and evidentiality in Chechen and Ingush},
  author={Molochieva, Zarina and Nichols, Johanna},
  editor={Forker, Diana and Maisak, Timur},
  hyphenation={english},
  booktitle={The semantics of verbal categories in Nakh-Daghestanian languages},
  pages={26--48},
  year={2018},
  publisher={Leiden: Brill}
}

@incollection{creissels2012,
  title={External agreement in the converbal construction of Northern Akhvakh},
  author={Creissels, Denis},
  booktitle={Clause linkage in cross-linguistic perspective},
  editor={Gast, Volker and Diessel, Holger},
  hyphenation={english},
  pages={127--156},
  year={2012},
  publisher={Berlin/New York: De Gruyter Mouton}
}

@book{multidag,
  title={Atlas of Multilingualism in Daghestan Online},
  author={Dobrushina, Nina and Staferova, Daria and Belokon, Alexander},
  publisher={Moscow: Linguistic Convergence Laboratory, NRU HSE},
  year={2017},
  url={https://multidagestan.com}
}

@article{dobrushina2019,
  title={Gendered multilingualism in highland Daghestan: story of a loss},
  author={Dobrushina, Nina and Kozhukhar, Alexandra and Moroz, George},
  journal={Journal of Multilingual and Multicultural Development},
  volume={40},
  number={2},
  pages={115--132},
  year={2019}
}

@incollection{danieletal2010,
  title={Highlander’s Russian: Case Study in Bilingualism and Language Interference in Central Daghestan},
  author={Daniel, Michael and Knyazev, S.V. and Dobrushina, N.},
  editor={Mustajoki, A. and Protassova, E. and Vakhtin, N.},
  hyphenation={english},
  booktitle={Sociolinguistic Approach to Non-Standard Russian},
  pages={65--93},
  year={2010},
  publisher={Helsinki: Slavica Helsingiensia}
}

@article{vandenberg2005,
  title={The East Caucasian language family},
  author={van den Berg, Helma},
  journal={Lingua},
  volume={115},
  number={1-2},
  pages={147--190},
  year={2005}
}

@book{alekseev1985,
  author={Алексеев, М.E.},
  title={Вопросы сравнительно-исторической грамматики лезгинских языков. Морфология. Синтаксис},
  year={1985},
  hyphenation={russian},
  publisher={Москва: Наука}
  }

@incollection{nichols2003,
  author={Nichols, Johanna},
  title={The Nakh-Daghestanian consonant correspondences},
  editor={Holisky, Dee Ann and Tuite, Kevin},
  hyphenation={english},
  booktitle={Current trends in Caucasian, East European and Inner Asian linguistics: papers in honor of Howard I. Aronson},
  publisher={Amsterdam/Philadelphia: John Benjamins},
  year={2003},
  pages={207--264}}

@book{koryakov2006,
  author={Коряков, Ю.Б.},
  title={Атлас кавказских языков},
  publisher={Москва: Пилигрим},
  hyphenation={russian},
  year={2006}}

@book{moor1985,
  author={Moor, Marianne},
  title={Studien zum lesgischen Verb},
  publisher={Wiesbaden: Otto Harrassowitz},
  year={1985}}

@book{nichols2011,
  author={Nichols, Johanna},
  title={Ingush grammar},
  publisher={Berkeley/Los Angeles: University of California Press},
  year={2011}}

@book{amirkhanov1987,
  author={Амирханов, Х.А.},
  title={Чохское поселение: человек и его культура в мезолите и неолите горного Дагестана},
  publisher={Москва: Наука},
  hyphenation={russian},
  year={1987}
  }

% ask permission for citation
@unpublished{nicholsrange,
  author={Nichols, Johanna},
  title={Languages of the Great Caucasus range},
  year={2019},
  note={Unpublished draft} 
  }

@book{zoharyetal2012,
  author={Zohary, Daniel and Hopf, Maria and Weiss, Ehud},
  title={Domestication of plants in the Old World},
  publisher={Oxford: Oxford University Press},
  year={2012}}

@article{schulze2013,
  title={Historische und areale Aspekte der Bodenschatz-Terminologie in den ostkaukasischen Sprachen},
  author={Schulze, Wolfgang},
  journal={Iran and the Caucasus},
  volume={2013},
  number={17},
  pages={295--320},
  year={2013}
}

@book{gippert2008,
  title={The Caucasian Albanian Palimpsests of Mount Sinai},
  author={Gippert, Jost and Schulze, Wolfgang and Aleksidze, Zaza and Mah{\'e}, Jean-Pierre},
  year={2008},
  publisher={Turnhout: Brepols}
}

@article{schulze2015,
  title={From Caucasian Albanian to Udi},
  author={Schulze, Wolfgang},
  journal={Iran and the Caucasus},
  volume={19},
  number={2},
  pages={149--177},
  year={2015},
  publisher={Brill}
}

%check how to cite
@unpublished{aristova,
  author={Aristova, Maria},
  title={Database of Turkic borrowings in East Caucasian},
  year={2019},
  note={Unpublished}}

@incollection{nichols2013,
  title={The vertical archipelago: Adding the third dimension to linguistic geography},
  author={Nichols, Johanna},
  booktitle={Space in language and linguistics: Geographical, interactional, and cognitive perspectives},
  editor={Auer, Peter and Hilpert, Martin and Stukenbrock, Anja and Szmrecsanyi, Benedikt},
  hyphenation={english},
  pages={38--60},
  year={2013},
  publisher={Berlin: Walter de Gruyter}
}

@book{piotrovksij1988,title={История народов {С}еверного {К}авказа с древнейших времен до конца \textsc{xviii} в.},
editor={Пиотровский, Б.Б.},
year={1988},
publisher={Москва: Наука},
hyphenation={russian}
}


@book{ataevetal1967,
  title={История Дагестана. Том I.},
  author={Атаев, Д.М. and Гаджиев, В.Г. and Гаджиев, М.Г. and Котович, В.Г. and Котович, В.М. and Маршаев, Р.Г. and Омаров, А.С. and Османов, М.-З.О. and Шихсаидов, А.Р.},
  volume={1},
  year={1967},
  hyphenation={russian},
  publisher={Москва: Наука}
}

@article{gadzhiev2019,
  title={Этническая карта Северного Кавказа в период поздней античности},
  author={Гаджиев, М.С.},
  journal={Вестник Дагестанского Научного Центра},
  volume={72},
  number={},
  pages={17--30},
  hyphenation={russian},
  year={2019}
}

@book{wixman1980,
  title={Language aspects of ethnic patterns and processes in the North Caucasus},
  author={Wixman, Ronald},
  year={1980},
  publisher={University of Chicago, Department of Geography}
}

@incollection{wold15,
  address   = {Leipzig},
  author    = {Bernard Comrie and Madzhid Khalilov},
  booktitle = {World Loanword Database},
  editor    = {Martin Haspelmath and Uri Tadmor},
  hyphenation={english},
  publisher = {Leipzig: Max Planck Institute for Evolutionary Anthropology},
  title     = {Bezhta},
  url       = {https://wold.clld.org/vocabulary/15},
  year      = {2009}
}

@unpublished{daniel2013,
  author={Daniel, Michael},
  title={Issues in Khinalug syntax: building on corpus evidence},
  year={2013},
  note={Pre-print}}


@unpublished{danieletalsub,
  author={Daniel, Michael and Dobrushina, Nina and Chechuro, Ilya and Verhees, Samira},
  title={Lingua francas as lexical donors: a quantitative field study},
  year={2019},
  note={Submitted}}

@incollection{lander2014,
  author={Ландер, Ю.А.},
  title={Показатель ki в удинском языке: проблема для локуса маркирования и синтаксической структуры},
  editor={Федорова, О.В. and Лютикова, Е.А. and Даниэль, М.А. and Плунгян, В.А. and Татевосов, С.Г.},
  year={2014},
  booktitle={Язык. Константы. Переменные},
  publisher={Санкт-Петербург: Алетейа},
  hyphenation={russian},
  pages={485--498}}


@article{creissels2009,
  title={Language documentation and verb inflection typology: the case of Northern Akhvakh (Nakh-Daghestanian)},
  author={Creissels, Denis},
  journal={Handout at Chronos},
  volume={9},
  pages={2--4},
  year={2009}
}

@book{dagrus,
  title={Corpus of Russian spoken in Daghestan},
  author={Dobrushina, Nina and Daniel, Michael and von Waldenfels, Ruprecht and Maisak, Timur and Panova, Anastasia},
  publisher={Moscow: Linguistic Convergence Laboratory, NRU HSE},
  year={2018},
  url={http://www.parasolcorpus.org/dagrus/}
}

@article{michael2014,
  title={Nanti self-quotation: Implications for the pragmatics of reported speech and evidentiality},
  author={Michael, Lev},
  journal={Pragmatics and Society},
  volume={3},
  number={2},
  pages={321--357},
  Year={2014},
  publisher={John Benjamins}
}


@article{ahnyap2015,
  title={Evidentiality in interaction: A pragmatic analysis of Korean hearsay evidential markers},
  author={Ahn, Mikyung and Yap, Foong Ha},
  journal={Studies in Language},
  volume={39},
  number={1},
  pages={46--84},
  year={2015},
  publisher={John Benjamins}
}

@incollection{barthevans2017,
  title={SCOPIC design and overview},
  author={Barth, Danielle and Evans, Nicholas},
  booktitle={Language Documentation and Conservation Special Publication No. 12. Social Cognition Parallax Interview Corpus (SCOPIC)},
  editor={Barth, Danielle and Evans, Nicholas},
  hyphenation={english},
  year={2017},
  publisher={University of Hawaii Press},
  pages={1--21},
}

@incollection{skribnikkehayov2018,
  title={Evidentials in Uralic languages},
  author={Skribnik, Elena and Kehayov, Petar},
  editor={Aikhenvald, Alexandra Y.},
  hyphenation={english},
  booktitle={The Oxford Handbook of Evidentiality},
  pages={525--553},
  year={2018},
  publisher={Oxford: Oxford University Press}
}

@incollection{golosovkozlov2018,
  title={Наблюдатель в системе прошедших времён горномарийского языка},
  author={Голосов, Ф.В. and Козлов, А.А.},
  editor={Оскольская, С.А. and Выдрин, А.П. and Заика, Н.М. and Мищенко, Д.Ф.},
  booktitle={Acta Linguistica Petropolitana. XIV-II. I. Материалы Тринадцатой конференции по типологии и грамматике для молодых исследователей (2016 г.)},
  pages={154--194},
  year={2018},
  hyphenation={russian},
  publisher={Санкт-Петербург: Институт Лингвистических Исследований РАН}
}

@mastersthesis{siegl2004,
  author={Siegl, Florian},
  title={The 2nd past in the Permic languages. Form, function, and a comparative analysis from a typological perspective},
  school={University of Tartu},
  address={Tartu},
  year={2004}
}

@incollection{comriepolinsky2007,
  title={Evidentials in Tsez},
  author={Comrie, Bernard and Polinsky, Maria},
  editor={Guentchéva, Zlatka and Landabaru, John},
  hyphenation={english},
  booktitle={L'Énonciation médiatisée II},
  pages={335--50},
  year={2007},
  publisher={Louvain/Paris/Dudley MA: Peeters}
}

@book{brownlevinson1987,
  title={Politeness: Some universals in language usage},
  author={Brown, Penelope and Levinson, Stephen C},
  year={1987},
  publisher={Cambridge: Cambridge University Press}
}

@book{sumbatovamutalov2003,
  title={A grammar of Icari Dargwa},
  author={Sumbatova, Nina and Mutalov, Rasul},
  Publisher={Berlin: Lincom},
  year={2003}
}

@incollection{slobinaksukoc1986,
  title={A psychological account of the development and use of evidentials in Turkish},
  author={Slobin, Dan I. and Aksu-Koç, Ayhan A.},
  editor={Chafe, Wallace and Nichols, Johanna},
  hyphenation={english},
  booktitle={Evidentiality: the linguistic encoding of epistemology},
  pages={159--167},
  year={1986},
  publisher={New Jersey: Ablex}
}

@article{diewald2006,
  title={Context types in grammaticalization as constructions},
  author={Diewald, Gabriele},
  journal={Constructions},
  pages={0},
  volume={1},
  number={9},
  year={2006}
}

@article{friedman2014,
  title={Enhancing national solidarity through the deploymen of verbal categories: How the Albanian admirative participates in the construction of a reliable self and an unreliable other},
  author={Friedman, Victor A.},
  journal={Pragmatics and Society},
  volume={3},
  number={2},
  pages={21--56},
  Year={2014},
  publisher={Amsterdam/Philadelphia: John Benjamins}
}

@article{hengeveldolbertz2012,
  title={Didn't you know? Mirativity does exist!},
  author={Hengeveld, Kees and Olbertz, Hella},
  journal={Linguistic Typology},
  volume={16},
  number={3},
  pages={487--503},
  year={2012},
  publisher={Berlin/New York: De Gruyter Mouton}
}

@article{hill2012,
  title={``Mirativity'' does not exist: ḥdug in ``Lhasa'' Tibetan and other suspects},
  author={Hill, Nathan W},
  journal={Linguistic Typology},
  volume={16},
  number={3},
  pages={389--433},
  year={2012},
  publisher={Berlin/New York: De Gruyter Mouton}
}

@article{delancey2012,
  title={Still mirative after all these years},
  author={DeLancey, Scott},
  journal={Linguistic Typology},
  volume={16},
  number={3},
  pages={529--564},
  year={2012},
  publisher={Berlin/New York: De Gruyter Mouton}
}

@article{gawne2014,
  title={Evidentiality in Lamjung Yolmo},
  author={Gawne, Lauren},
  journal={Journal of the Southeast Asian Linguistics Society},
  volume={7},
  pages={76--96},
  year={2014},
  publisher={Pacific Linguistics}
}

@incollection{forker2014,
  title={The grammar of knowledge in Hinuq},
  author={Forker, Diana},
  booktitle={The grammar of knowledge. A cross-linguistic typology},
  editor={Aikhenvald, Alexandra Y. and Dixon, R.M.W.},
  hyphenation={english},
  pages={52--68},
  year={2014},
  publisher={Oxoford: Oxford University Press}
}

@incollection{slobinaksukoc1982,
  title={Tense, Aspect and Modality in the Use of the Turkish Evidential},
  author={Slobin, Dan I. and Aksu-Koç, Ayhan A.},
  booktitle={Tense-aspect: Between semantics and pragmatics},
  editor={Hopper, Paul J.},
  hyphenation={english},
  pages={185--200},
  year={1982},
  publisher={Amsterdam: John Benjamins}
}

@incollection{hopper1982,
  title={Aspect between Discourse and Grammar: An Introductory Essay for the Volume},
  author={Hopper, Paul J.},
  booktitle={Tense-aspect: Between semantics and pragmatics},
  editor={Hopper, Paul J.},
  hyphenation={english},
  pages={3--18},
  year={1982},
  publisher={Amsterdam: John Benjamins}
}

@incollection{anderson1982,
  title={The ‘perfect’ as a universal and as a language-specific category},
  author={Anderson, Lloyd B.},
  booktitle={Tense-aspect: Between semantics and pragmatics},
  editor={Hopper, Paul J.},
  hyphenation={english},
  pages={227--264},
  year={1982},
  publisher={Amsterdam/Philadelphia: John Benjamins}
}

@incollection{mccawley1971,
  title={Tense and time reference in English},
  author={McCawley, J.D.},
  editor={Fillmore, C.J. and Langendoen, T.},
  hyphenation={english},
  booktitle={Studies in linguistic semantics},
  pages={96--113},
  year={1971},
  publisher={New York: Holt, Rinehart and Winston}
}

@incollection{belyaev2018,
  title={Aorist, Resultative and Perfect in Shiri Dargwa and beyond},
  author={Belyaev, Oleg},
  editor={Forker, Diana and Maisak, Timur},
  hyphenation={english},
  booktitle={The semantics of verbal categories in Nakh-Daghestanian languages},
  pages={80--119},
  year={2018},
  publisher={Leiden: Brill}
}

@incollection{fitneva2018,
  title={The acquisition of evidentiality},
  author={Fitneva, Stanka A.},
  editor={Aikhenvald, Alexandra Y.},
  booktitle={The Oxford Handbook of Evidentiality},
  pages={185--201},
  year={2018},
  publisher={Oxford: Oxford University Press}
}

@book{hoppertraugott2003,
  title={Grammaticalization},
  author={Hopper, Paul J and Traugott, Elizabeth Closs},
  Year={2003},
  note={First published in 1993},
  publisher={Cambridge: Cambridge University Press}
}

@book{dahl1985,
  title={Tense and aspect systems},
  author={Dahl, {\"O}sten},
  year={1985},
  publisher={New York: Basil Blackwell}
}

@book{levinson2000,
  title={Presumptive meanings: The theory of generalized conversational implicature},
  author={Levinson, Stephen C},
  year={2000},
  publisher={Cambridge, MA: MIT press}
}

@book{dehaan1997,
title={The interaction of modality and negation: a typological study},
author={de Haan, Ferdinand},
year={1997},
publisher={New York/London: Garland Publishing}}

@article{dehaan2012must,
  title={The relevance of constructions for the interpretation of modal meaning: The case of must},
  author={de Haan, Ferdinand},
  journal={English Studies},
  volume={93},
  number={6},
  pages={700--728},
  year={2012},
  publisher={Taylor \& Francis}
}

@incollection{olbertzhonselaar2017,
  title={The grammaticalization of Dutch moeten: modal and post-modal meanings},
  author={Olbertz, Hella and Honselaar, Wim},
  booktitle={The Grammaticalization of Tense, Aspect, Modality, and Evidentiality from a Functional Perspective},
  editor={Hengeveld, Kees and Narrog, Heiko and Olbertz, Hella},
  pages={273--300},
  year={2017},
  publisher={Berlin/New York: Mouton de Gruyter}
}

@inproceedings{dehaan1999,
  title={Evidentiality in Dutch},
  author={de Haan, Ferdinand},
  booktitle={Annual Meeting of the Berkeley Linguistics Society},
  volume={25.1},
  pages={74--85},
  year={1999}
}

@incollection{stenzelgomez2018,
  title={Evidentiality in Tukanoan languages},
  author={Stenzel, Kristine and Gomez-Imbert, Elsa},
  editor={Aikhenvald, Alexandra Y.},
  booktitle={The Oxford Handbook of Evidentiality},
  pages={357--387},
  year={2018},
  publisher={Oxford: Oxford University Press}
}

@incollection{lindstedt2000,
  title={The perfect-aspectual, temporal and evidential},
  author={Lindstedt, Jouko},
  editor={Dahl, {\"O}sten},
  booktitle={Tense and aspect in the languages of Europe},
  pages={365--384},
  year={2000},
  publisher={Berlin/New York: Mouton de Gruyter}
}

@article{haspelmath2010,
  title={Comparative concepts and descriptive categories in crosslinguistic studies},
  author={Haspelmath, Martin},
  journal={Language},
  volume={86},
  number={3},
  pages={663--687},
  year={2010},
  publisher={Linguistic Society of America}
}

@Manual{r,
  title = {R: A Language and Environment for Statistical Computing},
  author = {{R Core Team}},
  organization = {R Foundation for Statistical Computing},
  address = {Vienna, Austria},
  year = {2018},
  url = {https://www.R-project.org/},
}

@article{cornillie2007,   
  title={The continuum between lexical and grammatical evidentiality: a functional analysis of Spanish parecer}, author={Cornillie, Bert},   
  journal={Rivista di Linguistica},   
  number={1},
  volume={19},
  year={2007},   
  pages={109--128}
  } 
  
@article{boyeharder2012,
  title={A usage-based theory of grammatical status and grammaticalization},
  author={Boye, Kasper and Harder, Peter},
  journal={Language},
  volume={88},
  number={1},
  pages={1--44},
  year={2012},
  publisher={Linguistic Society of America}
}

@book{murray2017,
  title={The semantics of evidentials},
  author={Murray, Sarah E.},
  year={2017},
  publisher={Oxford: Oxford University Press}
}

@article{evans2018,
  title={The grammar of engagement II: Typology and diachrony},
  author={Evans, Nicholas and Bergqvist, Henrik and San Roque, Lila},
  journal={Language and Cognition},
  volume={10},
  number={1},
  pages={141--170},
  year={2018},
  publisher={Cambridge University Press}
}

@incollection{bergqvist2018,
  title={Evidentiality as stance: event types and speaker roles},
  author={Bergqvist, Henrik},
  editor={Foolen, Ad and de Hoop, Helen and Mulder, Gijs},
  booktitle={Evidence for evidentiality},
  pages={19--44},
  year={2018},
  publisher={Amsterdam/Philadelphia: John Benjamins}
}

@incollection{vanderbiesen2018,
  title={Reportive sollen in an exclusively functional view of evidentiality},
  author={Vanderbiesen, Jeroen},
  editor={Foolen, Ad and de Hoop, Helen and Mulder, Gijs},
  booktitle={Evidence for evidentiality},
  pages={173--198},
  year={2018},
  publisher={Amsterdam/Philadelphia: John Benjamins}
}

@incollection{boye2018,
  title={Evidentiality: the notion and the term},
  author={Boye, Kasper},
  editor={Aikhenvald, Alexandra Y.},
  booktitle={The Oxford Handbook of Evidentiality},
  pages={261--272},
  year={2018},
  publisher={Oxford: Oxford University Press}
}

@incollection{unalpapafragou2018,
  title={Evidentials, information sources, and cognition},
  author={Ünal, Ercenur and Papafragou, Anna},
  editor={Aikhenvald, Alexandra Y.},
  booktitle={The Oxford Handbook of Evidentiality},
  pages={175--184},
  year={2018},
  publisher={Oxford: Oxford University Press}
}


@incollection{sarvasy2018,
  title={Evidentiality in the languages of New Guinea},
  author={Sarvasy, Hannah},
  editor={Aikhenvald, Alexandra Y.},
  booktitle={The Oxford Handbook of Evidentiality},
  pages={629--656},
  year={2018},
  publisher={Oxford: Oxford University Press}
}

@incollection{delancey2018,
  title={Evidentiality in Tibetic},
  author={DeLancey, Scott},
  editor={Aikhenvald, Alexandra Y.},
  booktitle={The Oxford Handbook of Evidentiality},
  pages={580--594},
  year={2018},
  publisher={Oxford: Oxford University Press}
}

@incollection{eberhard2018,
  title={Evidentiality in Nambikwara languages},
  author={Eberhard, David M.},
  booktitle={The Oxford Handbook of Evidentiality},
  editor={Aikhenvald, Alexandra Y.},
  publisher={Oxford: Oxford University Press},
  year={2018},
  pages={333–356}
}

@incollection{tatevosov2003,
  title={Inferred evidence: Language-specific properties and universal constraints},
  author={Tatevosov, Sergei},
  editor={Jaszczolt, Katarzyna M. and Turner, Ken},
  booktitle={Meaning through language contrast. Volume 1},
  pages={357--387},
  year={2003},
  publisher={Amsterdam/Philadelphia: John Benjamins}
}

@incollection{holvoet2018,
  title={Epistemic modality, evidentiality, quotativity and echoic use},
  author={Holvoet, Axel},
  booktitle={Epistemic modalities and evidentiality in cross-linguistic perspective},
  editor={Guentchéva, Zlatka},
  publisher={Berlin/Boston: Walter de Gruyter},
  year={2018},
pages={242--258}
}

@incollection{hoijer1933,
  title={Tonkawa},
  author={Hoijer, Harry},
  booktitle={Handbook of American Indian Languages},
  editor={Boas, Franz},
  publisher={New York: Columbia University Press},
  year={1933},
  pages={1--48}
  }
 
@incollection{anderson1986,
  title={Evidentials, paths of change, and mental maps: typologically regular asymmetries},
  author={Anderson, Lloyd B.},
  editor={Chafe, Wallaca and Nichols, Johanna},
  booktitle={Evidentiality: The linguistic coding of epistemology},
  pages={273--312},
  year={1986},
  publisher={Norwood, NJ: Ablex}
} 

@article{willett1988,
  title={A cross-linguistic survey of the grammaticization of evidentiality},
  author={Willett, Thomas},
  journal={Studies in Language},
  volume={12},
  number={1},
  pages={51--97},
  year={1988},
  publisher={John Benjamins}
}

@inproceedings{anderbois2014,
  title={On the exceptional status of reportative evidentials},
  author={AnderBois, Scott},
  booktitle={Semantics and Linguistic Theory},
  volume={24},
  pages={234--254},
  year={2014}
}

@article{kockelman2004,
  title={Stance and subjectivity},
  author={Kockelman, Paul},
  journal={Journal of Linguistic Anthropology},
  volume={14},
  number={2},
  pages={127--150},
  year={2004},
  publisher={Wiley Online Library}
}

@incollection{boeder2000,
  title={Evidentiality in Georgian},
  author={Boeder, Winfried},
  editor={Johanson, Lars and Utas, Bo},
  booktitle={Evidentials. Turkic, Iranian and Neighbouring Languages},
  pages={275--328},
  year={2000},
  publisher={Berlin/New York: Mouton de Gruyter},
}

@article{verhees2018pstgu,
  title={К происхождению эвиденциальности в нахско-дагестанских языках: структурные и ареальные перспективы},
  author={Ферхеес, С.},
  journal={Вестник ПСТГУ. Серия 3: Филология},
  volume={2018},
  number={57},
  pages={110--123},
  hyphenation={russian},
  year={2018}
}

@incollection{maisak2018,
  title={The Aorist/Perfect distinction in Nizh Udi},
  author={Maisak, Timur},
  editor={Forker, Diana and Maisak, Timur},
  booktitle={The semantics of verbal categories in Nakh-Daghestanian languages},
  pages={120--165},
  year={2018},
  hyphenation={russian},
  publisher={Leiden: Brill}
}

@article{dobrushina2011,
  title={Многоязычие в Дагестане конца XIX-начала XXI века: попытка количественной оценки},
  author={Добрушина, Н.Р.},
  journal={Вопросы языкознания},
  number={4},
  volume={2011},
  pages={61--80},
  hyphenation={russian},
  year={2011},
}

@article{magomedova2017,
  title={Развитие письменности в Дагестане},
  author={Магомедова, З.А.},
  journal={Известия Волгоградского Государственного Педагогического Университета},
  number={57},
  volume={2017},
  pages={150--155},
  hyphenation={russian},
  year={2017}
}

@incollection{johanson2002,
  title={Contact-induced change in a code-copying framework},
  author={Johanson, Lars},
  booktitle={Language change},
  editor={Jones, Mari C. and Esch, Edith},
  pages={285--314},
  year={2002},
  publisher={Berlin/New York: Mouton de Gruyter}
}

@incollection{dwyer2000,
  title={Direct and indirect experience in Salar},
  author={Dwyer, Arienne},
  editor={Johanson, Lars and Utas, Bo},
  booktitle={Evidentials. Turkic, Iranian and Neighbouring Languages},
  pages={45--60},
  year={2000},
  publisher={Berlin/New York: Mouton de Gruyter}
}

@incollection{johanson2006,
  title={On the roles of Turkic in the Caucasus area},
  author={Johanson, Lars},
  booktitle={Linguistic areas. Convergence in historical and typological perspective},
  editor={Matras, Yaron and McMahon, April and Vincent, Nigel},
  pages={160--181},
  year={2006},
  publisher={New York: Palgrave MacMillan}
}

@book{bybee1994,
title={The evolution of grammar: tense, aspect and modality in the languages of the world},
author={Bybee, Joan L. and Perkins, Revere and Pagliuca, William},
year={1994},
publisher={Chicago/London: The University of Chicago Press},
}

@article{walchli2000,
  title={Infinite predication as a marker of evidentially and modality in the languages of the Baltic region},
  author={W{\"a}lchli, Bernhard},
  journal={STUF-Language Typology and Universals},
  volume={53},
  number={2},
  pages={186--210},
  year={2000},
  publisher={Akademie Verlag}
}

@article{donabedian2001,
  title={Towards a semasiological account of evidentials: An enunciative approach of-er in Modern Western Armenian},
  author={Donab{\'e}dian, Ana{\"i}d},
  journal={Journal of pragmatics},
  volume={33},
  number={3},
  pages={421--442},
  year={2001},
  publisher={Elsevier}
}

@incollection{kozintseva2000,
  title={Perfect forms as a means of expressing evidentiality in Modern Eastern Armenian},
  author={Kozintseva, Natalia},
  editor={Johanson, Lars and Utas, Bo},
  booktitle={Evidentials. Turkic, Iranian and Neighbouring Languages},
  pages={401--418},
  year={2000},
  publisher={Berlin/New York: Mouton de Gruyter}
}

@incollection{aikhenvald2003,
  title={Evidentiality in typological perspective},
  author={Aikhenvald, Alexandra Y.},
  booktitle={Studies in Evidentiality},
  editor={Aikhenvald, Alexandra Y. and Dixon, Robert M.W.},
  publisher={Amsterdam/Philadelphia: John Benjamins},
  year={2003},
  pages={1--32},
}

@article{sanroqueloughnane2012,
  title={The New Guinea Highlands evidentiality area},
  author={San Roque, Lila and Loughnane, Robyn},
  journal={Linguistic Typology},
  volume={16},
  number={1},
  pages={111--167},
  year={2012}
}

@article{apresyan1986,
  title={Дейксис в лексике и грамматике и наивная модель мира},
  author={Апресян, Ю.Д.},
  journal={Семиотика и информатика},
  volume={28},
  number={1},
  pages={5--33},
  hyphenation={russian},
  year={1986}
}

@book{goffman1981,
  title={Forms of talk},
  author={Goffman, Erving},
  year={1981},
  publisher={Philadelphia: University of Pennsylvania Press}
}

@incollection{forker2018evid,
  title={Evidentiality in Nakh-Daghestanian languages},
  author={Forker, Diana},
  booktitle={The Oxford Handbook of Evidentiality},
  editor={Aikhenvald, Alexandra Y.},
  publisher={Oxford: Oxford University Press},
  year={2018},
  pages={490--509},
}
  
@article{cornillie2015,   
  title={Evidentiality and the semantics–pragmatics interface. An introduction},   
  author={Cornillie, Bert and Marín Arrese, Juana and Wiemer, Bj{\"o}rn},   
  journal={Belgian Journal of Linguistics},   
  volume={29}, 
  nr={1},
  year={2015},   
  pages={1--17}
  } 

@incollection{wiemer2018,
  title={Evidentials and epistemic modality},
  author={Wiemer, Bj{\"o}rn},
  editor={Aikhenvald, Alexandra Y.},
  booktitle={The Oxford Handbook of Evidentiality},
  pages={85--108},
  year={2018},
  publisher={Oxford: Oxford University Press}
}

@Manual{tidyverse,
    title = {tidyverse: Easily Install and Load the `Tidyverse'},
    author = {Hadley Wickham},
    year = {2017},
    note = {R package version 1.2.1},
    url = {https://CRAN.R-project.org/package=tidyverse},
  }

  @Manual{dt,
    title = {DT: A Wrapper of the JavaScript Library 'DataTables'},
    author = {Yihui Xie and Joe Cheng and Xianying Tan},
    year = {2019},
    note = {R package version 0.6},
    url = {https://CRAN.R-project.org/package=DT},
  }

@Manual{ggpubr,
    title = {ggpubr: `ggplot2' Based Publication Ready Plots},
    author = {Alboukadel Kassambara},
    year = {2018},
    note = {R package version 0.2},
    url = {https://CRAN.R-project.org/package=ggpubr},
  }
  
@Manual{lingtypology,
    title = {lingtypology: easy mapping for Linguistic Typology},
    author = {George Moroz},
    year = {2017},
    url = {https://CRAN.R-project.org/package=lingtypology},
  }

@incollection{johanson2000,
  title={Turkic indirectives},
  author={Johanson, Lars},
  editor={Johanson, Lars and Utas, Bo},
  booktitle={Evidentials. Turkic, Iranian and Neighbouring Languages},
  pages={61--88},
  year={2000},
  publisher={Berlin/New York: Mouton de Gruyter}
}

@incollection{labovwaletzky1967,
  title={Narrative analysis: oral versions of personal experience},
  author={Labov, William and Waletzky, Joshua},
  editor={Helm, June},
  booktitle={Essays on the verbal and visual arts. Proceedings of the 1966 Annual Spring Meeting of the American Ethnological Society},
  pages={12--44},
  year={1967},
  publisher={Seattle/Londen: University of Washington Press}}
  
@book{paducheva2010,
  title={Семантические исследования: семантика времени и вида в русском языке: семантика нарратива, второе издание},
  author={Падучева, Е.В.},
  year={2010},
  hyphenation = {russian},
  publisher={Москва: Языки славянской культуры}
}

@article{plungian2001,
  title={The place of evidentiality within the universal grammatical space},
  author={Plungian, Vladimir A},
  journal={Journal of pragmatics},
  volume={33},
  number={3},
  pages={349--357},
  year={2001},
  publisher={Elsevier}
}

@incollection{kittila2018,
  title={What can different types of linguistic data teach us on evidentiality?},
  author={Kittil{\"a}, Seppo and Jalava, Lotta and Sandman, Erika},
  editor={Foolen, Ad and de Hoop, Helen and Mulder, Gijs},
  booktitle={Evidence for evidentiality},
  pages={281--304},
  year={2018},
  publisher={Amsterdam/Philadelphia: Johna Benjamins}
}

@incollection{chirikba2003,
  title={Evidential category and evidential strategy in Abkhaz},
  author={Chirikba, Viacheslav},
  booktitle={Studies in Evidentiality},
  editor={Aikhenvald, Alexandra Y. and Dixon, Robert M.W.},
  publisher={Amsterdam/Philadelphia: John Benjamins},
  year={2003},
  pages={243--290},
}

@book{erdal2004,
  Title={A grammar of Old Turkic},
  author={Erdal, Marcel},
  publisher={Leiden: Brill},
  year={2004}}

@article{lazard1999,
  title={Mirativity, evidentiality, mediativity, or other?},
  author={Lazard, Gilbert},
  year={1999},
  journal={Linguistic Typology},
  volume={3},
  issue={1},
  pages={91--109},
  publisher={Berlin/New York: Walter de Gruyter}
}

@article{bergqvist2017,
  title={The role of `perspective' in epistemic marking},
  author={Bergqvist, Henrik},
  journal={Lingua},
  volume ={186},
  number={187},
  pages={5--20},
  year={2017}
}

@article{givon1982,
  title={Evidentiality and epistemic space},
  author={Giv{\'o}n, Talmy},
  journal={Studies in Language. International Journal sponsored by the Foundation “Foundations of Language”},
  volume={6},
  number={1},
  pages={23--49},
  year={1982},
  publisher={John Benjamins}
}

@article{hengeveldhattnher2015,
  title={Four types of evidentiality in the native languages of Brazil},
  author={Hengeveld, Kees and Hattnher, Marize Mattos Dall’Aglio},
  journal={Linguistics},
  volume={53},
  number={3},
  pages={479--524},
  year={2015},
  publisher={De Gruyter Mouton}
}

@book{wals,
  address   = {Leipzig},
  author    = {Matthew S. Dryer and Martin Haspelmath},
  publisher = {Leipzig: Max Planck Institute for Evolutionary Anthropology},
  title     = {WALS Online},
  url       = {https://wals.info/},
  year      = {2013}
}

@book{epps2008,
  title={A grammar of Hup},
  author={Epps, Patience},
  year={2008},
  publisher={Walter de Gruyter}
}

@article{boye2010,
  title={Evidence for what? Evidentiality and scope},
  author={Boye, Kasper},
  journal={STUF-Language Typology and Universals Sprachtypologie und Universalienforschung},
  volume={63},
  number={4},
  pages={290--307},
  year={2010},
  publisher={Akademie Verlag GmbH}
}

@article{brugmanmacauly2015,
  title={Characterizing evidentiality},
  author={Brugman, Claudia M. and Macauly, Monica},
  journal={Linguistic Typology},
  volume={19},
  number={2},
  pages={201--237},
  year={2015}
}

@incollection{dehaan2012,
  title={Evidentiality and mirativity},
  author={de Haan, Ferdinand},
  editor={Binnick, Robert I.},
  booktitle={The Oxford Handbook of Tense and Aspect},
  pages={1020--1047},
  year={2012},
  publisher={Oxford: Oxford University Press}
}

@incollection{forker2018evidverbc,
  title={Evidentiality and its relation with other verbal categories},
  author={Forker, Diana},
  editor={Aikhenvald, Alexandra Y.},
  booktitle={The Oxford Handbook of Evidentiality},
  pages={65--84},
  year={2018},
  publisher={Oxford: Oxford University Press}
}

@book{aikhenvald2018,
  title={The Oxford Handbook of Evidentiality},
  author={Aikhenvald, Alexandra Y.},
  year={2018},
  publisher={Oxford: Oxford University Press}
}

@incollection{sun2018,
  title={Evidentials and person},
  author={Sun, Jackson T.-S.},
  editor={Aikhenvald, Alexandra Y.},
  booktitle={The Oxford Handbook of Evidentiality},
  pages={47--64},
  year={2018},
  publisher={Oxford: Oxford University Press}
}

@article{hanks2014,
  title={Evidentiality in social interaction},
  author={Hanks, William F.},
  journal={Pragmatics and Society},
  volume={3},
  number={2},
  pages={169--180},
  Year={2014},
  publisher={Amsterdam/Philadelphia: John Benjamins}
}

@article{hanks2009,
  title={Fieldwork on deixis},
  author={Hanks, William F.},
  journal={Journal of pragmatics},
  volume={41},
  number={1},
  pages={10--23},
  year={2009}
}

@incollection{langacker2017,
  title={Evidentiality in Cognitive Grammar},
  author={Langacker, Ronald W.},
  editor={Marín Arrese, Juana Isabel and Hassler, Gerda and Carretero, Marta},
  booktitle={Evidentiality revisited},
  pages={13--56},
  year={2017},
  publisher={Amsterdam/Philadelphia: John Benjamins}
}

@incollection{speas2018,
  title={Evidentiality and formal semantic theories},
  author={Speas, Margaret},
  editor={Aikhenvald, Alexandra Y.},
  booktitle={The Oxford Handbook of Evidentiality},
  pages={286--314},
  year={2018},
  publisher={Oxford: Oxford University Press}
}

@incollection{dehaan2005,
  title={Encoding speaker perspective: evidentials},
  author={de Haan, Ferdinand},
  editor={Frajzyngier, Zygmunt and Hodges, Adam and Rood, David S.},
  booktitle={Linguistic diversity and language theories},
  pages={379--398},
  year={2005},
  publisher={Amsterdam/Philadelphia: John Benjamins}
}

@book{nedjalkov1983,
  title={Типология результативных конструкций},
  author={Недялков, Владимир П.},
  year={1983},
  hyphenation={russian},
  publisher={Ленинград: Наука}
}

@book{comrie1976,
  title={Aspect},
  author={Comrie, Bernard},
  year={1976},
  note={Reprinted in 2001},
  publisher={Cambridge: Cambridge University Press}
}




@incollection{ritz2012,
  title={Perfect tense and aspect},
  author={Ritz, Marie-Eve},
  editor={Binnick, Robert I.},
  booktitle={The Oxford Handbook of Tense and Aspect},
  pages={881--907},
  year={2012},
  publisher={Oxford: Oxford University Press}
}

@book{jakobson1957,
  title={Shifters, verbal categories and the Russian verb},
  author={Jakobson, Roman},
  year={1957},
  publisher={Cambridge, MA: Harvard University, Department of Slavic Languages and Literature},
  note={Reprinted in L. R. Waugh and M. Monville-Burston (Eds.) 1984. Russian and Slavic grammar studies 1931-1981. Berlin: Walter de Gruyter, 386-392},
}

@book{aikhenvald2004,
  title={Evidentiality},
  author={Aikhenvald, Alexandra Y.},
  year={2004},
  publisher={Oxford: Oxford University Press}
}

@incollection{friedman2018,
  title={Where do evidentials come from?},
  author={Friedman, Victor A.},
  booktitle={The Oxford Handbook of Evidentiality},
  editor={Aikhenvald, Alexandra Y.},
  publisher={Oxford: Oxford University Press},
  year={2018},
  pages={124–147},
}

@book{saidova2007,
   title={Закатальский диалект аварского языка},
   author={Саидова, П.А.},
   year={2007},
   hyphenation={russian},
   publisher={Махачкала: ИЯЛИ}}

@incollection{comriepolinsky1998,
  title={The great Daghestanian case hoax},
  author={Comrie, Bernard and Polinsky, Maria},
  booktitle={Case, typology and grammar. In honor of Barry J. Blake},
  editor={Siewierska, Anna and Song, Jae Jung},
  pages={95--114},
  year={1998},
  publisher={Amsterdam: John Benjamins}
}

@book{magometov1965,
  author={Магометов, А.А.},
  title={Табасаранский язык: исследование и тексты},
  publisher={Тбилиси: Мецниереба},
  hyphenation={russian},
  year={1965}
}

@book{sumbatovalander2014,
  author={Сумбатова, Н.Р. and Ландер, Ю.А.},
  title={Даргинский говор селения Танты: грамматический очерк, вопросы синтаксиса},
  publisher={Москва: Языки славянской культуры},
  hyphenation={russian},
  year={2016}
}

@incollection{chumakinacorbett2008,
  title={Archi: the challenge of an extreme agreement system.},
  author={Chumakina, Marina and Corbett, Greville G},
  booktitle={Fonetika i nefonetika: K 70-letiju Sandro V Kodzasova},
  editor={Arxipov, A.V. and Zaxarov, A.A. and Kibrik, A.E. and Kobozeva, I.M. and Krivnova, O.F. and Ljutikova, E.A. and Fëdorova, O.V.},
  year={2008},
  publisher={Moscow: Jazyki slavjanskix kul'tur},
  pages={184--94}
}

@article{kibrik2007,
  author={Кибрик, А.Е.},
  title={Принципы и стратегии клаузального сочинения в дагестанских языках},
  journal={Вопросы Языкознания},
  volume={2007},
  number={3},
  year={2007},
  hyphenation={russian},
  pages={78--120}
}

@article{romainelange1991,
  title={The use of like as a marker of reported speech and thought: A case of grammaticalization in progress},
  author={Romaine, Suzanne and Lange, Deborah},
  journal={American speech},
  volume={66},
  number={3},
  pages={227--279},
  year={1991},
  publisher={JSTOR}
}

@incollection{sumbatova1999,
  title={Evidentiality, transitivity and split ergativity. Evidence from Svan},
  author={Sumbatova, Nina},
  editor={Abraham, Werner and Kulikov, Leonid},
  booktitle={Tense-aspect, transitivity and causativity: essays in honour of Vladimir Nedjalkov},
  pages={63-96},
  year={1999},
  publisher={Amsterdam/Philadelphia: John Benjamins}
}

@book{svod2,
  title={Свод памятников фольклора народов Дагестана. Том 2. Волшебные сказки},
  author={Ганиева, А.М. (сост.) and Аджиев, А.М. (отв. ред.)},
  publisher={Москва: Наука},
  hyphenation={russian},
  year={2011}
}

@book{svod6,
  title={Свод памятников фольклора народов Дагестана. Том 6. Обрядовая поэзия},
  author={Халилов, Х.М. and Алиева, Ф.А. (сост.) and Аджиев, А.М. (отв. ред.)},
  publisher={Москва: Наука},
  hyphenation={russian},
  year={2017}
}

@book{svod5,
  title={Свод памятников фольклора народов Дагестана. Том 5. Героический и героико-исторический эпос},
  author={Аджиев, А.М. (сост.) and Алиева, Ф.А. (отв. ред.)},
  publisher={Москва: Наука},
  hyphenation={russian},
  year={2015}
}

@incollection{blevins2017,
  title={Areal sound patterns: From perceptual magnets to stone soup},
  author={Blevins, Juliette},
  booktitle={The Cambridge handbook of areal linguistics},
  editor={Hickey, Raymond},
  year={2017},
  publisher={Cambridge: Cambridge University Press}
}

@book{sapir1921,
  title={Language. An introduction to the study of speech},
  author={Sapir, Edward},
  year={1921},
  publisher={New York: Harcourt, Brace}
}

@book{boyer2001,
  title={Religion explained},
  author={Boyer, Pascal},
  year={2001},
  publisher={New York: Basic Books}
}

@book{vandenberg2001,
  author={van den Berg, Helma},
  title={Dargi folktales. Oral stories from the Caucaus with an introduction to Dargi grammar},
  publisher={Leiden: CNWS},
  year={2001}}

@book{svod3,
  title={Свод памятников фольклора народов Дагестана. Том 3. Бытовые сказки},
  author={Алиева, Ф.А. (сост.) and Аджиев, А.М. (отв. ред.)},
  publisher={Москва: Наука},
  hyphenation={russian},
  year={2013}
}

@book{svod4,
  title={Свод памятников фольклора народов Дагестана. Том 4. Мифологическая проза},
  author={Халидова, М.Р. (сост.) and Аджиев, А.М. (отв. ред.)},
  publisher={Москва: Наука},
  hyphenation={russian},
  year={2012}
}

@book{svod1,
  title={Свод памятников фольклора народов Дагестана. Том 1. Сказки о животных},
  author={Ганиева, А.М. (сост.) and Аджиев, А.М. (отв. ред.)},
  publisher={Москва: Наука},
  hyphenation={russian},
  year={2010}
}

@incollection{authiermaisak2011,
  author={Maisak, Timur and Authier, Gilles},
  title={Introduction},
  booktitle={Tense, aspect, modality and finiteness in East Caucasian},
  editor={Maisak, Timur and Authier, Gilles},
  publisher={Bochum: Universit{\"a}tsverlag Dr. N. Brockmeyer},
  year={2011},
  pages={vii--xii}
}

@book{bokarev1949avar,
  author={Бокарёв, А.А.},
  title={Синтаксис аварского языка},
  publisher={Москва/Ленинград: Издательство Акакдемии Наук СССР},
  hyphenation={russian},
  year={1949}
}

@book{floydetal2018,
  author={Floyd, Simeon and Norcliffe, Elisabeth and San Roque, Lila},
  title={Egophoricity},
  publisher={Amsterdam/Philadelphia: John Benjamins},
  year={2018}
}

@book{uslar1889avar,
  title={Аварский язык},
  author={Услар, П.К.},
  year={1889},
  hyphenation={russian},
  publisher={Тифлис: Упавление Кавказскаго Учебнаго Округа}
}

@book{bokarev1949chamalal,
  author={Бокарёв, А.А.},
  title={Очерк грамматики чамалинского языка},
  publisher={Москва/Ленинград: Издательство Акакдемии Наук СССР},
  hyphenation={russian},
  year={1949}
}

@book{tsertsvadze65,
    title={Andiuri ena [The Andi language]},
    author={Tsertsvadze, I. I.},
    publisher={Tbilisi: Metsniereba},
    year={1965}
}

@book{kibriketal1972,
  author={Кибрик, А.Е. and Кодзасов, С.В. and Оловянникова, И.П.},
  title={Фрагменты грамматики хиналугского языка},
  publisher={Москва: Издательство Московского Университета},
  hyphenation={russian},
  year={1972}
}

@book{kibriketal1996,
  author={Kibrik, Alexandr E. and Tatevosov, Sergej G. and Eulenberg, Alexander},
  title={Godoberi},
  publisher={München/Newcastle: Lincom Europa},
  year={1996}}

@book{forker2013,
  author={Forker, Diana},
  title={A grammar of Hinuq},
  publisher={Berlin/Boston: De Gruyter Mouton},
  year={2013}
  }

@incollection{kibrik1985,
  author={Kibrik, Andrej A.},
  title={Absentiv-aorist und resultativ in der andischen Sprache},
  booktitle={Sprachen Europas und Asiens},
  editor={F{\"a}hnrich Heinz},
  publisher={Jena: Friedrich Schiller Universit{\"a}t},
  year={1985},
  pages={55--66}
}

@incollection{maisakmerdanova2016,
  title={Перфект и смежные значения в агульском языке},
  author={Майсак, Т.А. and Мерданова, С.Р.},
  editor={Майсак, Т.А. and Плунгян, В.А. and Семёнова, К.П.},
  booktitle={Типология перфекта},
  pages={379--424},
  year={2016},
  hyphenation={russian},
  publisher={Санкт-Петербург: Наука}
}

@article{maisakmerdanova2002,
  title={Категория эвиденциальности в агульском языке},
  author={Майсак, Т.А. and Мерданова, С.Р.},
  journal={Кавказоведение},
  volume={1},
  number={},
  year={2002},
  hyphenation={russian},
  pages={102--112}}

@incollection{friedman2007,
  title={The expression of speaker subjectivity in Lak (Daghestan)},
  author={Friedman, Victor A.},
  editor={Guentchéva, Zlatka and Landabaru, John},
  booktitle={L'Énonciation médiatisée II},
  pages={351--376},
  year={2007},
  publisher={Louvain/Paris/Dudley MA: Peeters}
}

@article{khalilova2011,
  author={Khalilova, Zaira},
  title={Evidentiality in Tsezic languages},
  journal={Linguistic Discovery},
  volume={9},
  number={2},
  year={2011},
  pages={30--48}}

@incollection{verhees2017,
  title={Évidencial’nost’ i perfekt v rutul’skom jazyke (na materiale govora s. Kina) [Evidentiality and the perfect in Rutul (based on the dialect of the village Kina)]},
  author={Ferxees, Samira},
  editor={Fedina, Marina},
  booktitle={Élektronnaja pis’mennost’ narodov RF: opyt, problemy i perspektivy. Sbornik materialov naučnoj konferencii, 16–17 marta 2017g., Syktyvkar},
  pages={228--235},
  year={2017},
  publisher={Syktyvkar: KRAGSiU}
}

@article{greed2017,
  title={Evidential coding in Lezgi},
  author={Greed, Teija},
  journal={Languages of the Caucasus},
  volume={2},
  year={2017},
  pages={3--33}
}

@incollection{creissels2018,
  title={Perfective tenses and epistemic modality in Northern Akhvakh},
  author={Creissels, Denis},
  editor={Forker, Diana and Maisak, Timur},
  booktitle={The semantics of verbal categories in Nakh-Daghestanian languages},
  pages={166--187},
  year={2018},
  publisher={Leiden: Brill}
}

%check publication %check pages
@incollection{maisaklezgpf, 
  title={Structural and functional variations of the perfect in Lezgic languages},
  author={Maisak, Timur},
  editor={Eide, Kristin Melum and Fryd, Marc},
  booktitle={The semantics of verbal categories in Nakh-Daghestanian languages},
  pages={1--30},
  year={2019},
  publisher={Amsterdam: John Benjamins}}

@incollection{plungian2016,
  title={К типологии перфекта в языках мира. Предисловие},
  author={Плунгян, В.А.},
  editor={Майсак, Т.А. and Плунгян, В.А. and Семёнова, К.П.},
  booktitle={Типология перфекта},
  pages={7--38},
  year={2016},
  hyphenation={russian},
  publisher={Санкт-Петербург: Наука}
}

@phdthesis{sulejmanov1957,
	title={Грамматический очерк андийского языка (по данным говора с. Риквани)},
	author={Сулейманов, Я.Г.},
	year={1957},
	hyphenation={russian},
	school={Институт языкознания АН СССР}
}

@book{magomedova2012,
  title={Тиндинский язык},
  author={Магомедова, П.Т.},
  publisher={Махачкала: ИЯЛИ},
  hyphenation={russian},
  year={2012}}

%ask permission
@unpublished{authiertindi,
  title={Tindi grammar sketch},
  author={Authier, Gilles},
  year={2019},
  note={Unpublished draft}} 

@incollection{maisak2016,
  title={Перфект и аорист в ниджском диалекте удинского языка},
  author={Майсак, Т.А.},
  editor={Майсак, Т.А. and Плунгян, В.А. and Семёнова, К.П.},
  booktitle={Типология перфекта},
  pages={315--378},
  year={2016},
  hyphenation={russian},
  publisher={Санкт-Петербург: Наука}
}

@unpublished{verhees2019ev,
  title={Defining evidentiality},
  author={Verhees, Samira},
  year={2019},
  note={Accepted for publication in Topics in Linguistics}}


@incollection{holiskygagua1994,
  title={Tsova-Tush (Batsbi)},
  author={Holisky, Dee Ann and Gagua, Rusudan},
  booktitle={The indigenous languages of the Caucasus. Volume 4. Part 2},
  editor={Smeets, Riek},
  pages={147--212},
  year={1994},
  publisher={Delmar NY: Caravan Books}
}

@article{verhees2019,
  title={General converbs in Andi},
  author={Verhees, Samira},
  journal={Studies in Linguistics},
  volume={43},
  number={1},
  pages={195--230},
  year={2019}
  }

@book{gudava1959,
    title={Сравнительный анализ глагольных основ в аварском и андийских языках}, 
    author={Гудава, Т.Е.},
    publisher={Махачкала: Институт истории, языка и литературы им. Г. Цадасы},
    hyphenation={russian},
    year={1959}
    }

@book{magomedbekova1967,
  title={Ахвахский язык},
  author={Магомедбекова, З.М.},
  publisher={Тбилиси: Мецниереба},
  hyphenation={russian},
  year={1967}}
  
@incollection{verhees2018,
  title={The perfect in Avar and Andi: Cross-linguistic variation among two closely related East Caucasian languages},
  author={Verhees, Samira},
  booktitle={Tense, aspect, modality and evidentiality: Cross-linguistic perspectives},
  year={2018},
  editor={Ayoun, Dalila and Celle, Agnès and Lansari, Laure},
  hyphenation={english},
  publisher={Amsterdam: John Benjamins},
  pages={261--280}}

@book{kiko1990,
  title={Сопоставительное изучение дагестанских языков. Имя. Фонетика},
  author={Кибрик, А.Е. and Кодзасов, С.В.},
  year={1990},
  hyphenation={russian},
  publisher={Москва: Издательство Московского Университета}}

@book{kiko1988,
  title={Сопоставительное изучение дагестанских языков. Глагол},
  author={Кибрик, А.Е. and Кодзасов, С.В.},
  year={1988},
  hyphenation={russian},
  publisher={Москва: Издательство Московского Университета}}

@book{mallaeva2007,
  title={Глагол аварского языка: структура, семантика, функции},
  author={Маллаева, З.М.},
  year={2007},
  hyphenation={russian},
  publisher={Махачкала: ИЯЛИ}
  }

@incollection{belyaev2012,
  title={Аспектуально-темпоральная система аштынского даргинского},
  author={Беляев, О.И.},
  booktitle={Acta Linguistica Petropolitana IIX-II},
  editor={Плунгян, В.А.},
  year={2012},
  hyphenation={russian},
  publisher={Санкт-Петербург: Наука}
}

@phdthesis{molochieva2010,
  title={Tense, aspect and mood in Chechen},
  author={Molochieva, Zarina},
  school={Universit{\"a}t Leipzig},
  year={2010}}

@unpublished{verheesiran,
  title={Evidentiality in the Rikvani dialect of Andi},
  author={Verhees, Samira},
  year={2020},
  journal={Iran and the Caucasus},
  note={To appear}
}

@article{imnaishvili1954,
  author={Imnaišvili, D.},
  title={Turmeobitebi kist'uri džgupis enebši},
  year={1954},
  journal={IKE},
  volume={6},
  pages={324--342}}

@unpublished{rochantverhees2017,
  author={Rochant, Neige and Verhees, Samira},
  title={The (auxiliary) verb b-iʁidu in Andi},
  year={2017},
  note={Historical linguistics of the Caucasus, April 12--14, Paris. Hand-out}}

@unpublished{molochieva2007,
  author={Molochieva, Zarina},
  title={Category of evidentiality and mirativity in Chechen},
  year={2007},
  note={Conference on the Languages of the Caucasus, 7-9.12.2007, Max Planck Institute EVA, Leipzig. Hand-out}}

@book{desheriev1963,
  author={Дешериев, Ю.Д.},
  title={Сравнительно-историческая грамматика нахских языков и проблемы происхождения и исторического развития горских кавказских народов},
  publisher={Грозный: Чечено-ингушское книжное издательство},
  hyphenation={russian},
  year={1963}}

@incollection{nichols1981,
  author={Nichols, Johanna},
  title={Transitivity and foregrounding in the North Caucasus},
  booktitle={Proceedings of the Seventh Annual Meeting of the Berkeley Linguistics
Society},
  editor={Alford, Danny K. and Hunold, Karen Ann and Macauly, Monica A. and Walter, Jenny and Brugman, Claudia and Chertok, Paul and Čivkus, Inese and Tobey, Marta},
  hyphenation={english},
  year={1981},
  publisher={Berkley: Berkley Linguistics Society},
  pages={202--221}}

@book{sichinava2013,
  author={Сичинава, Д.В.},
  title={Типология плюсквамперфекта. Славянский плюсквамперфект},
  publisher={Москва: АСТ-ПРЕСС},
  hyphenation={russian},
  year={2013}}

@book{mutalov2002,
  author={Муталов, Р.О.},
  title={Глагол даргинского языка},
  publisher={Махачкала: Издательско-полиграфический центр ДГУ},
  hyphenation={russian},
  year={2002}
}

@incollection{danielmaisak2018,
  title={<<Черная кошка грамматикализации>>: конструкции с глаголом `найти' в дагестанских языках},
  author={Даниэль, М.А. and Майсак, Т.А.},
  editor={Рыжова, Д.А. and Добрушина, Н.Р. and Бонч-Осмоловская, А.А. and Выренкова, А.С. and Кюсева, М.В. and Орехов, Б.В.},
  booktitle={ЕВРика! Сборник статьей о поисках и находках к юбилею Е.В. Рахилиной},
  pages={120--152},
  year={2018},
  hyphenation={russian},
  publisher={Москва: Лабиринт}
}

@book{saidovaabusov2012,
  author={Саидова, П.А. and Абусов, М.Г.},
  title={Ботлихско-русский словарь},
  publisher={Махачкала: ИЯЛИ},
  hyphenation={russian},
  year={2012}}

@incollection{chumakinamaisak2001,
  author={Чумакина, М.Э. and Майсак, Т.А.},
  title={Дискурсивные частицы},
  booktitle={Багвалинский язык. Грамматика, тексты, словари},
  editor={Кибрик, А.Е. and Лютикова, Е.А. and Татевосов, С.Г.},
  year={2001},
  pages={702--723},
  hyphenation={russian},
  publisher={Москва: Наследие}
}

@incollection{maisaktatevosov2001,
  author={Майсак, Т.А. and Татевосов, С.Г.},
  title={Эвиденциальность},
  booktitle={Багвалинский язык. Грамматика, тексты, словари},
  editor={Кибрик, А.Е. and Лютикова, Е.А. and Татевосов, С.Г.},
  year={2001},
  pages={293--318},
  hyphenation={russian},
  publisher={Москва: Наследие}
}


@book{haspelmath1993,
  author={Haspelmath, Martin},
  title={A grammar of Lezgian},
  publisher={Berlin/New York: Mouton de Gruyter},
  year={1993}}

@unpublished{maisak2017,
  author={Maisak, Timur},
  title={Tense and aspect among the factors conditioning the distribution of quotatives: data from Andi},
  year={2017},
  note={12th Conference of the Association for Linguistic Typology (ALT) Workshop ``Reported speech as a syntactic domain'' Canberra, 15 December 2017. Hand-out}}

%check publisher
@book{makhmudova2002,
  author={Махмудова, С.М.},
  title={Морфология рутульского языка},
  year={2002},
  hyphenation={russian},
  publisher={Москва:}} 
  
%check pages
@incollection{alekseev1994,
  title={Rutul},
  author={Alekseev, Mikhail E.},
  booktitle={The indigenous languages of the Caucasus. Volume 4. Part 2},
  editor={Smeets, Riek},
  hyphenation={english},
  pages={147--212}, 
  year={1994},
  publisher={Delmar NY: Caravan Books}
}

@book{murkelinsky,
  author={Муркелинский, Г.Б.},
  title={Грамматика лакского языка},
  year={1971},
  hyphenation={russian},
  publisher={Махачкала: Дагестанское учебно-педагогическое издательство}}

@book{magomedbekova1971,
  title={Каратинский язык},
  author={Магомедбекова, З.М.},
  publisher={Тбилиси: Мецниереба},
  hyphenation={russian},
  year={1971}}

@book{salimov2010,
  title={Гагатлинский говор андийского языка},
  author={Салимов, Х.С.},
  publisher={Махачкала: ИЯЛИ},
  hyphenation={russian},
  year={2010 (1968)}
}

@book{authier2009,
  title={Grammaire kryz},
  author={Authier, Gilles},
  publisher={Paris: Peeters},
  year={2009}
}

@incollection{jacques2018,
  title={Non-propositional evidentiality},
  author={Jacques, Guillaume},
  editor={Aikhenvald, Alexandra Y.},
  booktitle={The Oxford Handbook of Evidentiality},
  pages={109--123},
  year={2018},
  hyphenation={english},
  publisher={Oxford: Oxford University Press}
}

@incollection{dimmendaal2014,
  title={The grammar of knowledge in Tima},
  author={Dimmendaal, Gerrit J.},
  booktitle={The grammar of knowledge. A cross-linguistic typology.},
  editor={Aikhenvald, Alexandra Y. and Dixon, R.M.W.},
  hyphenation={english},
  pages={245--259},
  year={2014},
  publisher={Oxoford: Oxford University Press}
}

@incollection{lazard2000,
  title={Le médiatif: considérations théoriques et application à l'iranien},
  author={Lazard, Gilbert},
  editor={Johanson, Lars and Utas, Bo},
  hyphenation={english},
  booktitle={Evidentials. Turkic, Iranian and Neighbouring Languages},
  pages={209--228},
  year={2000},
  publisher={Berlin/New York: Mouton de Gruyter},
}

@book{shiralievsevortyan1971,
  author={Ширалиев, М.С. and Севортян, Э.В.},
  title={Грамматика азербайджанского языка (фонетика, морфология, синтаксис)},
  year={1971},
  hyphenation={russian},
  publisher={Баку: Элм}
  }

@incollection{donabedian1996,
  author={Donab{\'e}dian, Ana{\"\i}d},
  title={Pour une interprétation des différentes valeurs du médiatif en arménien occidental},
  editor={Guentchéva, Zlatka},
  hyphenation={english},
  booktitle={L’énonciation médiatisée},
  publisher={Louvain/Paris: Peeters},
  year={1996},
  pages={87--108}}

%check publisher
@book{abdullaevaetal2014,
  author={Абдуллаева, А.З. and Гаджиахмедов, Н.Э. and Кадыраджиев, К.С. and Керимов, И.А. and Ольмесов, Н.Х. and Хангишиев, Д.М.},
  title={Современный кумыкский язык},
  year={2014},
  hyphenation={russian},
  publisher={Махачкала}
  }

@book{tenishev2002,
  author={Тенишев, Э.Р.},
  title={Сравнительно-историческая грамматика тюркских языков},
  year={2002},
  hyphenation={russian},
  publisher={Москва: Наука}
  }

@incollection{walsevsem,
  address   = {Leipzig},
  author    = {Ferdinand de Haan},
  booktitle = {The World Atlas of Language Structures Online},
  editor    = {Matthew S. Dryer and Martin Haspelmath},
  hyphenation={english},
  publisher = {Max Planck Institute for Evolutionary Anthropology},
  title     = {Semantic Distinctions of Evidentiality},
  url       = {https://wals.info/chapter/77},
  year      = {2013}
}

@incollection{walsevform,
  address   = {Leipzig},
  author    = {Ferdinand de Haan},
  booktitle = {The World Atlas of Language Structures Online},
  editor    = {Matthew S. Dryer and Martin Haspelmath},
  hyphenation={english},
  publisher = {Max Planck Institute for Evolutionary Anthropology},
  title     = {Coding of Evidentiality},
  url       = {https://wals.info/chapter/78},
  year      = {2013}
}

@unpublished{verheesmaps,
  author={Verhees, Samira},
  title={Evidentiality in East Caucasian on the map},
  year={2019},
  note={Submitted}}

@book{aksu88,
  title={The acquisition of aspect and modality},  
  author={Aksu-koç, Ayhan},
  year = {1988},
  publisher={Cambridge: Cambridge University Press}
}


@book{glottolog,
  address   = {Jena},
  author    = {Hammarstr{\"o}m, Harald and Forker, Robert and Haspelmath, Martin},
  publisher = {Max Planck Institute for the Science of Human History},
  title     = {Glottolog 4.0},
  url       = {https://glottolog.org/},
  year      = {2013}
}

@book{dahl2000,
  author={Dahl, {\"O}sten},
  title={Tense and aspect in the languages of Europe},
  year={2000},
  publisher={Berlin/New York: Mouton de Gruyter}}

@book{labov1972,
  author={Labov, William},
  title={Sociolinguistic patterns},
  year={1972},
  publisher={Philadelphia: University of Pennsylvania}}

@incollection{dirr1906,
  title={Краткий грамматический очерк андийскаго языка},
  author={Дирр, А.М.},
  booktitle={Сборник материалов для описания местностей и племён Кавказа},
  year={1906},
  hyphenation={russian},
  publisher={Тбилиси: Управление Кавказскаго Учебнаго Округа}
}

@book{reichenbach1947,
  title={Elements of Symbolic Logic},
  author={Reichenbach, Hans},
  publisher={New York: The Macmillan Company},
  year={1947}}

@article{tatevosovmaisak1998,
  title={Кодирование эпистемического статуса средствами морфосинтаксиса (на материале цахурского языка)},
  author={Татевосов, С.Г. and Майсак, Т.А.},
  journal={Вопросы языкознания},
  volume={1998},
  number={1},
  pages={60--88},
  hyphenation={russian},
  year={1998}
}

@incollection{evans2013,
  title={Some problems in the typology of quotation: a canonical approach},
  author={Evans, Nicholas},
  booktitle={Canonical morphology and syntax},
  editor={Brown, Dunstan and Chumakina, Marina and Corbett, Greville G.},
  hyphenation={english},
  year={2013},
  publisher={Oxford University Press},
  pages={48--65},
}

@inproceedings{Kalinina2003,
  title={Нефинитные формы в функции сказуемого как маркеры модальности},
  author={Калинина, Е.Ю.},
  booktitle={Материалы конференции <<Грамматические категории: иерархии, связи, взаимодействие>>},
  publisher={Санкт-Петербург: Наука},
  pages={66--69},
  year={2003}
}

@article{barrettnyhof2001,
  title={Spreading non-natural concepts: The role of intuitive conceptual structures in memory and transmission of cultural materials},
  author={Barrett, Justin L and Nyhof, Melanie A},
  journal={Journal of cognition and culture},
  volume={1},
  number={1},
  pages={69--100},
  year={2001},
  publisher={Springer}
}

@article{burdettetal2009,
  title={Counterintuitiveness in folktales: Finding the cognitive optimum},
  author={Burdett, Emily Reed and Porter, Tenelle and Barrett, Justin},
  journal={Journal of Cognition and Culture},
  volume={9},
  number={3-4},
  pages={271--287},
  year={2009}
}

@article{barrett2008,
  title={Coding and quantifying counterintuitiveness in religious concepts: Theoretical and methodological reflections},
  author={Barrett, Justin},
  journal={Method and Theory in the Study of Religion},
  volume={20},
  number={4},
  pages={308--338},
  year={2008}
}

@article{aksu2009,
  title={Evidentials and source knowledge in {T}urkish},
  author={Aksu-Ko{\c{c}}, Ayhan and {\"O}gel-Balaban, Hale and Alp, {\.I} Ercan},
  journal={New Directions for Child and Adolescent Development},
  volume={2009},
  number={125},
  pages={13--28},
  year={2009}
}

@article{magomedkhanovmusaeva2015,
  title={Армяне в этнокультурном ландшафте {Д}агестана},
  author={Магомедханов, М.М. and Мусаева, М.К.},
  journal={Вестник института ИАЭ},
  volume={2015},
  number={4},
  pages={74--85},
  year={2015},
  hyphenation={russian}
}

@incollection{diewaldsmirnova2010intro,
  title={Introduction. Evidentiality in European languages: the lexical-grammatical distinction},
  author={Diewald, Gabriele and Smirnova, Elena},
  editor={Diewald, Gabriele and Smirnova, Elena},
  hyphenation={english},
  booktitle={Linguistic realization of evidentiality in European languages},
  pages={1--14},
  year={2010},
  publisher={Berlin/New York: De Gruyter Mouton}
}

@online{vpn2010,
  author = {ФСГС},
  title = {Всероссийская перепись населения. Том 4. Национальный состав и владение языками, гражданство},
  year = 2010,
  url = {http://www.gks.ru/free_doc/new_site/perepis2010/croc/perepis_itogi1612.htm},
  hyphenation = {russian},
  urldate = {2019-08-19}
}

@incollection{kozintseva2007,
  title={Типология категории засвидетельствованность},
  author={Козинцева, Н.А.},
  booktitle={Эвиденциальность в языках Европы и Азии: сборник статей памяти Натальи Андреевны Козинцевой},
  editor={Храковский, В.С.},
  publisher={Санкт-Петербург: Наука},
  hyphenation = {russian},
  year={2007},
  pages={13--36},
}

@incollection{daniel2019,
author={Daniel, Michael},
title={Mehweb verb morphology},
editor={Daniel, Michael and Dobrushina, Nina and Ganenkov, Dmitry},
booktitle={The Mehweb
language: Essays on phonology, morphology and syntax},
publisher={Berlin: Language Science Press},
pages={75--118},
year={2019},
hyphenation={english}
}

@incollection{ganenkov2019,
author={Ganenkov, Dmitry},
title={Case and agreement in Mehweb},
editor={Daniel, Michael and Dobrushina, Nina and Ganenkov, Dmitry},
booktitle={The Mehweb
language: Essays on phonology, morphology and syntax},
publisher={Berlin: Language Science Press},
pages={191--238},
year={2019},
hyphenation={english}
}

@article{shiraliev1958,
  title={О диалектной основе азербайджанского национального литературного языка},
  author={Ширалиев, М.Ш.},
  journal={Вопросы Языкознания},
  volume={1958},
  number={1},
  pages={78--84},
  year={1958},
  hyphenation={russian}
}

@article{selimova2016,
  title={Дагестанизмы в диалектах кумыкского языка},
  author={Селимова, Г.А.},
  journal={Филологические науки. Вопросы теории и практики},
  volume={59},
  number={5},
  pages={133--136},
  year={2016},
  hyphenation={russian}
}

@book{karpovkapustina2011,
  title={Горцы после гор. {М}играционные процессы в {Д}агестане в {XX}—начале {XXI} века: их социальные и этнокультурные последствия и перспективы},
  author={Карпов, Ю.Ю. and Капустина, Е.Л.},
  publisher={Санкт-Петербург: Петербургское Востоковедение},
  year={2011},
  hyphenation={russian}
}

@book{jaimoukha2005,
  title={The Chechens. A handbook},
  author={Jaimoukha, Amjad},
  publisher={London/New York: RoutledgeCurzon},
  year={2005},
  hyphenation={english}
}

@phdthesis{khalidova2006,
  title={Аварско-андийские языковые контакты},
  author={Халидова, Р.Ш.},
  school={Махачкала: ИЯЛИ},
  year={2006},
  hyphenation={russian}}
  
@phdthesis{soper1987,
  title={Loan syntax in Turkic and Iranian: The verb systems of Tajik, Uzbek and Qashqay},
  author={Soper, John David},
  year={1987},
  school={University of California, Los Angeles},
  hyphenation={english}
}

@incollection{forker2018intro,
  title={Introduction},
  author={Forker, Diana},
  editor={Forker, Diana and Maisak, Timur},
  hyphenation={english},
  booktitle={The semantics of verbal categories in Nakh-Daghestanian languages},
  pages={1--25},
  year={2018},
  publisher={Leiden: Brill}
}

@book{desheriev1953,
  title={Бацбийский язык. {Ф}онетика, морфология, синтаксис, лексика},
  author={Дешериев, Ю.Д.},
  publisher={Москва/Ленинград: АН СССР. Институт языкознания},
  year={1953},
  hyphenation={russian}
}


@unpublished{alexeyevverhees2019,
  title={Botlikh},
  author={Alexeyev, Mikhail and Verhees, Samira},
  editor={Koryakov, Yury and Maisak, Timur},
  hyphenation={english},
  booktitle={Handbook of Caucasian Languages. Vol. 2. Nakh-Daghestanian},
  year={2019},
  publisher={Berlin/New York: De Gruyter Mouton},
  note={To appear}
}

@book{vandenberg1995,
  title={A grammar of {H}unzib},
  author={van den Berg, Helma},
  publisher={München: Lincom},
  year={1995},
  hyphenation={english}
}

@phdthesis{khalilova2009,
  title={A grammar of {K}hwarshi},
  author={Khalilova, Zaira},
  year={2009},
  school={University of Leiden},
  hyphenation={english}
}

@book{dobrushinatatevosov1996,
  title={Usage of verbal forms},
  author={Dobrushina, Nina and Tatevosov, Sergei},
  editor={Kibrik, Alexandr E. and Tatevosov, Sergej G. and Eulenberg, Alexander},
  booktitle={Godoberi},
  publisher={München/Newcastle: Lincom Europa},
  year={1996},
  pages={91--106},
  hyphenation={english}}

@incollection{mutalov2018,
  title={The tense/aspect system of {S}tandard {D}argwa},
  author={Mutalov, Rasul},
  editor={Forker, Diana and Maisak, Timur},
  hyphenation={english},
  booktitle={The semantics of verbal categories in Nakh-Daghestanian languages},
  pages={49--79},
  year={2018},
  publisher={Leiden: Brill}
}

@incollection{evans2007,
  title={Insubordination and its uses},
  author={Evans, Nicholas},
  booktitle={Finiteness: theoretical and empirical foundations},
  editor={Nikolaeva, Irina},
  hyphenation={english},
  pages={366--431},
  year={2007},
  publisher={Oxford: Oxford University Press}
}


@book{baskakov1940,
  title={Ногайский язык и его диалекты: грамматика, тексты и словарь},
  author={Баскаков, Николай Александрович},
  year={1940},
  publisher={Москва: Изд-во Академии наук СССР}
}

@book{kibrik1972,
  title={Методика полевых исследований (к постановке проблемы)},
  author={Кибрик, А.Е.},
  year={1972},
  publisher={Москва: Изд-во Московского Университета}
}


@Manual{ggpubr,
    title = {ggpubr: 'ggplot2' Based Publication Ready Plots},
    author = {Alboukadel Kassambara},
    year = {2018},
    note = {R package version 0.2},
    url = {https://CRAN.R-project.org/package=ggpubr},
  }
